<?xml version="1.0" encoding="UTF-8"?><record xmlns="http://www.loc.gov/MARC21/slim" xmlns:cinclude="http://apache.org/cocoon/include/1.0" xmlns:zs="http://www.loc.gov/zing/srw/">
  <leader>00518nz  a2200133n  4500</leader>
  <controlfield tag="001">no2001066963</controlfield>
  <controlfield tag="003">DLC</controlfield>
  <controlfield tag="005">20010823063855.0</controlfield>
  <controlfield tag="008">010822n| acannaabn          |n ana     c</controlfield>
  <datafield tag="010" ind1=" " ind2=" ">
    <subfield code="a">no2001066963</subfield>
  </datafield>
  <datafield tag="035" ind1=" " ind2=" ">
    <subfield code="a">(OCoLC)oca05564971</subfield>
  </datafield>
  <datafield tag="040" ind1=" " ind2=" ">
    <subfield code="a">NN</subfield>
    <subfield code="b">eng</subfield>
    <subfield code="c">NN</subfield>
  </datafield>
  <datafield tag="110" ind1="2" ind2=" ">
    <subfield code="a">Universidad Católica Andrés Bello.</subfield>
    <subfield code="b">Oficina de Promoción</subfield>
  </datafield>
  <datafield tag="670" ind1=" " ind2=" ">
    <subfield code="a">Universidad Católica Andrés Bello. Informe del rector al consejo fundacional,  año académico 1995-1996:</subfield>
    <subfield code="b">t.p. (Oficina de Promoción, Universidad Católica Andrés Bello)</subfield>
  </datafield>
</record>